@book{1994:oxford:ekman,
  title={The nature of emotion: Fundamental questions.},
  author={Ekman, Paul Ed and Davidson, Richard J},
  year={1994},
  publisher={Oxford University Press},
  address={UK}
}

@article{2015:tf:jeon,
  title={Towards affect-integrated driving behaviour research},
  author={Jeon, Myounghoon},
  journal={Theoretical Issues in Ergonomics Science},
  volume={16},
  number={6},
  pages={553--585},
  year={2015},
  publisher={Taylor \& Francis}
}

@article{2018:frontiers:habibovic,
  title={Communicating intent of automated vehicles to pedestrians},
  author={Habibovic, Azra},
  journal={Frontiers in psychology},
  volume={9},
  pages={1336},
  year={2018},
  publisher={Frontiers}
}

@article{2019:MTI:braun,
  title={Improving driver emotions with affective strategies},
  author={Braun, Michael and Schubert, Jonas and Pfleging, Bastian and Alt, Florian},
  journal={Multimodal Technologies and Interaction},
  volume={3},
  number={1},
  pages={21},
  year={2019},
  publisher={Multidisciplinary Digital Publishing Institute}
}

@article{jeon2016don,
  title={Don’t cry while you’re driving: Sad driving is as bad as angry driving},
  author={Jeon, Myounghoon},
  journal={International Journal of Human--Computer Interaction},
  volume={32},
  number={10},
  pages={777--790},
  year={2016},
  publisher={Taylor \& Francis}
}

@inproceedings{zepf2019towards,
  title={Towards Empathetic Car Interfaces: Emotional Triggers while Driving},
  author={Zepf, Sebastian and Dittrich, Monique and Hernandez, Javier and Schmitt, Alexander},
  booktitle={Extended Abstracts of the 2019 CHI Conference on Human Factors in Computing Systems},
  pages={1--6},
  year={2019},
  publisher={ACM},
  address={Honolulu, Hawai, US}
}
